@article{calderbank,
    author = "{ A. R Calderbank, A. R. Hammons Jr,A.         R. and Kumar, P.V. and Sloane,N.J.A.and         Sole, P.}", 
    title = "A Linear Construction for Certain               Kerdock and Preparata Codes",
    journal = "American Mathematical Society",
    year ="1993",
    volume= "29",
    pages ="218--222", 
    number= "2"
}
@article{conway,
    author = "J. H. Conway and N. J. A. Sloane",
    title = "Self-dual codes over the integers modulo 4.J.Combin.",
    journal = "Theory Ser.A.",
    year ="1993",
    volume = "62",
    pages ="30--45",
    number= "1"
}
@article{honold,
    author= {T. Honold},
    title ={Characterization of finite Frobenius rings},
    journal= {Archiv der Mathematik},
    year ={2001},
    volume= {76},
    pages ={406--415}
}
@book{ling,
    title ={Coding Theory, A First Course},
    publisher = {Cambridge University Press},
    year ={2004},
    author= {S.Ling and Ch. Xing},
    edition= {3}
}
@article{cyclic,
    author= "{V. S. Pless and Z.Qian}",
    title ={Cyclic codes and quadratic residue codes over Z4},
    journal= {Information Theory, IEEE Transactions on},
    year ={1996},
    volume= {42},
    pages ={1594--1600},
    number= {5},
}
@article{pless,
    author= "{V. S. Pless, P. Sole, and Z. Qian}",
    title ={Cyclic Self-Dual Z4-Codes},
    journal= {Finite Fields and Their         Applications},
    year ={1997},
    volume= {3},
    pages ={48--69},
    number= {1}
}
@book{lint,
    title ={Introduction to Coding Theory},
    publisher = {Springer},
    year ={1999},
    author= {van Lint, J. H},
    edition= {3}
}
